

@misc{tensorflow2015-whitepaper,
title={ {TensorFlow}: Large-Scale Machine Learning on Heterogeneous Systems},
url={http://tensorflow.org/},
note={Software available from tensorflow.org},
author={
    Mart\'{\i}n~Abadi and
    Ashish~Agarwal and
    Paul~Barham and
    Eugene~Brevdo and
    Zhifeng~Chen and
    Craig~Citro and
    Greg~S.~Corrado and
    Andy~Davis and
    Jeffrey~Dean and
    Matthieu~Devin and
    Sanjay~Ghemawat and
    Ian~Goodfellow and
    Andrew~Harp and
    Geoffrey~Irving and
    Michael~Isard and
    Yangqing Jia and
    Rafal~Jozefowicz and
    Lukasz~Kaiser and
    Manjunath~Kudlur and
    Josh~Levenberg and
    Dan~Man\'{e} and
    Rajat~Monga and
    Sherry~Moore and
    Derek~Murray and
    Chris~Olah and
    Mike~Schuster and
    Jonathon~Shlens and
    Benoit~Steiner and
    Ilya~Sutskever and
    Kunal~Talwar and
    Paul~Tucker and
    Vincent~Vanhoucke and
    Vijay~Vasudevan and
    Fernanda~Vi\'{e}gas and
    Oriol~Vinyals and
    Pete~Warden and
    Martin~Wattenberg and
    Martin~Wicke and
    Yuan~Yu and
    Xiaoqiang~Zheng},
  year={2015},
}

@techreport{36356,
title = {Dapper, a Large-Scale Distributed Systems Tracing Infrastructure},
author  = {Benjamin H. Sigelman and Luiz Andr√© Barroso and Mike Burrows and Pat Stephenson and Manoj Plakal and Donald Beaver and Saul Jaspan and Chandan Shanbhag},
year  = 2010,
URL = {https://research.google.com/archive/papers/dapper-2010-1.pdf},
institution = {Google, Inc.}
}

@proceedings{DBLP:conf:icse:2016c,
  editor    = {Laura K. Dillon and
               Willem Visser and
               Laurie Williams},
  title     = {Proceedings of the 38th International Conference on Software Engineering,
               {ICSE} 2016, Austin, TX, USA, May 14-22, 2016 - Companion Volume},
  publisher = {{ACM}},
  year      = {2016},
  url       = {http://dl.acm.org/citation.cfm?id=2889160},
  isbn      = {978-1-4503-4205-6},
  timestamp = {Fri, 24 Mar 2017 09:33:29 +0100},
  biburl    = {http://dblp.uni-trier.de/rec/bib/conf/icse/2016c},
  bibsource = {dblp computer science bibliography, http://dblp.org}
} 

@inproceedings{AbrahamsonBBE2014,
   author = {Jenny Abrahamson and Ivan Beschastnikh and Yuriy Brun and
	Michael D. Ernst},
   title = {Shedding light on distributed system executions},
   booktitle = {ICSE 2014, Proceedings of the 36th International
	Conference on Software Engineering},
   pages = {598--599},
   address = {Hyderabad, India},
   month = jun,
   year = {2014}
}

@inproceedings{Beschastnikh:2014:IMC:2568225:2568246,
 author = {Beschastnikh, Ivan and Brun, Yuriy and Ernst, Michael D. and Krishnamurthy, Arvind},
 title = {Inferring Models of Concurrent Systems from Logs of Their Behavior with CSight},
 booktitle = {Proceedings of the 36th International Conference on Software Engineering},
 series = {ICSE 2014},
 year = {2014},
 isbn = {978-1-4503-2756-5},
 location = {Hyderabad, India},
 pages = {468--479},
 numpages = {12},
 url = {http://doi.acm.org/10.1145/2568225.2568246},
 doi = {10.1145/2568225.2568246},
 acmid = {2568246},
 publisher = {ACM},
 address = {New York, NY, USA},
 keywords = {CSight, Model inference, concurrency, distributed systems, log analysis},
} 

@INPROCEEDINGS{Barham03magpie:online,
    author = {Paul Barham and Rebecca Isaacs and Richard Mortier and Dushyanth Narayanan},
    title = {Magpie: Online modelling and performance-aware systems},
    booktitle = {In Proceedings of the Ninth Workshop on Hot Topics in Operating Systems (HotOS IX)},
    year = {2003},
    pages = {85--90},
    publisher = {USENIX Association}
}

@inproceedings {202574,
author = {Rodrigo Fonseca and George Porter and Randy H. Katz and Scott Shenker},
title = {X-Trace: A Pervasive Network Tracing Framework },
booktitle = {4th USENIX Symposium on Networked Systems Design \& Implementation (NSDI 07)},
year = {2007},
address = {Cambridge, MA},
url = {https://www.usenix.org/conference/nsdi-07/x-trace-pervasive-network-tracing-framework},
publisher = {USENIX Association},
}

@ARTICLE{Nagel96vampir:visualization,
    author = {W. E. Nagel and A. Arnold and M. Weber and H.-Ch. Hoppe and K. Solchenbach},
    title = {VAMPIR: Visualization and Analysis of MPI Resources},
    journal = {Supercomputer},
    year = {1996},
    volume = {12},
    pages = {69--80}
}

@article{Zaki:1999:TSP:1080598.1080606,
 author = {Zaki, Omer and Lusk, Ewing and Gropp, William and Swider, Deborah},
 title = {Toward Scalable Performance Visualization with Jumpshot},
 journal = {Int. J. High Perform. Comput. Appl.},
 issue_date = {August    1999},
 volume = {13},
 number = {3},
 month = aug,
 year = {1999},
 issn = {1094-3420},
 pages = {277--288},
 numpages = {12},
 url = {http://dx.doi.org/10.1177/109434209901300310},
 doi = {10.1177/109434209901300310},
 acmid = {1080606},
 publisher = {Sage Publications, Inc.},
 address = {Thousand Oaks, CA, USA},
} 

@MISC{Walker98visualizingdynamic,
    author = {Robert J. Walker and Gail C. Murphy and Bjorn Freeman-benson and Darin Wright and Darin Swanson and Jeremy Isaak},
    title = {Visualizing Dynamic Software System Information through High-level Models},
    year = {1998}
}

@INPROCEEDINGS{5071901, 
author={L. M. Schnorr and G. Huard and P. O. A. Navaux}, 
booktitle={2009 9th IEEE/ACM International Symposium on Cluster Computing and the Grid}, 
title={Towards Visualization Scalability through Time Intervals and Hierarchical Organization of Monitoring Data}, 
year={2009}, 
pages={428-435}, 
keywords={data handling;grid computing;distributed systems;large-scale parallel applications;monitoring data;network link saturation;space-time representation;time-sharing mechanisms;visualization scalability;visualization tools;Application software;Concurrent computing;Data visualization;Distributed computing;Grid computing;Large-scale systems;Monitoring;Scalability;Time sharing computer systems;Yarn}, 
doi={10.1109/CCGRID.2009.19}, 
month={May},}

@article{Waterland:2014:AAS:2654822.2541985,
 author = {Waterland, Amos and Angelino, Elaine and Adams, Ryan P. and Appavoo, Jonathan and Seltzer, Margo},
 title = {ASC: Automatically Scalable Computation},
 journal = {SIGARCH Comput. Archit. News},
 issue_date = {March 2014},
 volume = {42},
 number = {1},
 month = feb,
 year = {2014},
 issn = {0163-5964},
 pages = {575--590},
 numpages = {16},
 url = {http://doi.acm.org/10.1145/2654822.2541985},
 doi = {10.1145/2654822.2541985},
 acmid = {2541985},
 publisher = {ACM},
 address = {New York, NY, USA},
 keywords = {automatic parallelization, machine learning},
} 

@inproceedings {181250,
author = {Amos Waterland and Jonathan Appavoo and Margo Seltzer},
title = {Parallelization by Simulated Tunneling},
booktitle = {Presented as part of the 4th USENIX Workshop on Hot Topics in Parallelism},
year = {2012},
address = {Berkeley, CA},
url = {https://www.usenix.org/conference/hotpar12/parallelization-simulated-tunneling},
publisher = {USENIX},
}

@inproceedings{Waterland:2013:CC:2485732.2485749,
 author = {Waterland, Amos and Angelino, Elaine and Cubuk, Ekin D. and Kaxiras, Efthimios and Adams, Ryan P. and Appavoo, Jonathan and Seltzer, Margo},
 title = {Computational Caches},
 booktitle = {Proceedings of the 6th International Systems and Storage Conference},
 series = {SYSTOR '13},
 year = {2013},
 isbn = {978-1-4503-2116-7},
 location = {Haifa, Israel},
 pages = {8:1--8:7},
 articleno = {8},
 numpages = {7},
 url = {http://doi.acm.org/10.1145/2485732.2485749},
 doi = {10.1145/2485732.2485749},
 acmid = {2485749},
 publisher = {ACM},
 address = {New York, NY, USA},
} 

@MISC{Ernst99dynamicallydiscovering,
    author = {Michael D. Ernst and William G. Griswold and Yoshio Kataoka and David Notkin},
    title = {Dynamically Discovering Pointer-Based Program Invariants},
    year = {1999}
}
